<?xml version="1.0" encoding="UTF-8"?>
<record xmlns="http://www.loc.gov/MARC21/slim" xmlns:xsi="http://www.w3.org/2001/XMLSchema-instance" xsi:schemaLocation="http://www.loc.gov/MARC21/slim http://www.loc.gov/standards/marcxml/schema/MARC21slim.xsd">
<leader>00000cam a22      i 4500</leader>
<controlfield tag="001">001676550</controlfield>
<controlfield tag="003">NNU</controlfield>
<controlfield tag="005">20141222165927.0</controlfield>
<controlfield tag="008">900427s1963    iq       b    000 0cara</controlfield>
<datafield tag="010" ind1=" " ind2=" ">
<subfield code="a">ne 67000178</subfield>
</datafield>
<datafield tag="025" ind1=" " ind2=" ">
<subfield code="a">PL480:UAR-6846</subfield>
</datafield>
<datafield tag="035" ind1=" " ind2=" ">
<subfield code="a">(OCoLC)21439526</subfield>
</datafield>
<datafield tag="040" ind1=" " ind2=" ">
<subfield code="a">DLC</subfield>
<subfield code="b">eng</subfield>
<subfield code="c">WAU</subfield>
<subfield code="d">DLC</subfield>
<subfield code="d">IUL</subfield>
<subfield code="d">HIN</subfield>
<subfield code="d">OCLCA</subfield>
<subfield code="d">OCLCQ</subfield>
<subfield code="d">OCLCO</subfield>
<subfield code="d">OCLCQ</subfield>
</datafield>
<datafield tag="042" ind1=" " ind2=" ">
<subfield code="a">premarc</subfield>
</datafield>
<datafield tag="050" ind1="0" ind2="0">
<subfield code="a">PJ7617</subfield>
<subfield code="b">.A4 1963</subfield>
</datafield>
<datafield tag="100" ind1="1" ind2=" ">
<subfield code="6">880-01</subfield>
<subfield code="a">Āl Yāsīn, Muḥammad Ḥasan.</subfield>
</datafield>
<datafield tag="245" ind1="1" ind2="0">
<subfield code="6">880-02</subfield>
<subfield code="a">Nafāʼis al-makhṭūṭāt /</subfield>
<subfield code="c">bi-Taḥqīq Muḥammad Ḥasan Āl Yāsīn.</subfield>
</datafield>
<datafield tag="250" ind1=" " ind2=" ">
<subfield code="6">880-03</subfield>
<subfield code="a">[al-Ṭabʻah 2].</subfield>
</datafield>
<datafield tag="260" ind1=" " ind2=" ">
<subfield code="6">880-04</subfield>
<subfield code="a">Baghdād :</subfield>
<subfield code="b">Maktabat al-Nahḍah,</subfield>
<subfield code="c">[1963]</subfield>
</datafield>
<datafield tag="300" ind1=" " ind2=" ">
<subfield code="a">108 pages ;</subfield>
<subfield code="c">24 cm</subfield>
</datafield>
<datafield tag="336" ind1=" " ind2=" ">
<subfield code="a">text</subfield>
<subfield code="b">txt</subfield>
<subfield code="2">rdacontent</subfield>
</datafield>
<datafield tag="337" ind1=" " ind2=" ">
<subfield code="a">unmediated</subfield>
<subfield code="b">n</subfield>
<subfield code="2">rdamedia</subfield>
</datafield>
<datafield tag="338" ind1=" " ind2=" ">
<subfield code="a">volume</subfield>
<subfield code="b">nc</subfield>
<subfield code="2">rdacarrier</subfield>
</datafield>
<datafield tag="504" ind1=" " ind2=" ">
<subfield code="a">Includes bibliographical references.</subfield>
</datafield>
<datafield tag="505" ind1="0" ind2=" ">
<subfield code="6">880-05</subfield>
<subfield code="a">al-Ibānah ʻan madhhab ahl al-ʻadl, lil-Ṣāḥib ʻAbbād--ʻUnwān al-maʻārif wa-dhikr al-khalāʼif, lil-Ṣāḥib ibn ʻAbbād-- Īmān Abī Ṭālib, lil-Mufīd Muḥammad ibn Muḥammad--al-Aḍdād fī al-lughah, li-Ibn al-Dahhān.</subfield>
</datafield>
<datafield tag="530" ind1=" " ind2=" ">
<subfield code="a">Also issued online.</subfield>
</datafield>
<datafield tag="700" ind1="1" ind2=" ">
<subfield code="6">880-06</subfield>
<subfield code="a">Ṣāḥib al-Ṭālqānī, Abū al-Qāsim Ismāʻīl ibn ʻAbbād,</subfield>
<subfield code="d">936-995.</subfield>
<subfield code="t">Ibānah ʻan madhhab ahl al-ʻadl.</subfield>
</datafield>
<datafield tag="700" ind1="1" ind2=" ">
<subfield code="6">880-07</subfield>
<subfield code="a">Ṣāḥib al-Ṭālqānī, Abū al-Qāsim Ismāʻīl ibn ʻAbbād,</subfield>
<subfield code="d">936-995.</subfield>
<subfield code="t">ʻUnwān al-maʻārif wa-dhikr al-khalāʼif.</subfield>
</datafield>
<datafield tag="700" ind1="1" ind2=" ">
<subfield code="6">880-08</subfield>
<subfield code="a">Mufīd, Muḥammad ibn Muḥammad,</subfield>
<subfield code="d">-1022.</subfield>
<subfield code="t">Īmān Abī Ṭālib.</subfield>
</datafield>
<datafield tag="700" ind1="1" ind2=" ">
<subfield code="a">Ibn al-Dahhān, Saʻīd ibn al-Mubārak,</subfield>
<subfield code="d">1101-1174</subfield>
<subfield code="6">880-09</subfield>
<subfield code="t">Aḍdād fī al-lughah.</subfield>
</datafield>
<datafield tag="880" ind1="1" ind2=" ">
<subfield code="6">100-01/</subfield>
<subfield code="a">آل ياسين، محمد حسن.</subfield>
</datafield>
<datafield tag="880" ind1="1" ind2="0">
<subfield code="6">245-02/</subfield>
<subfield code="a">نفائس المخطوطات /</subfield>
<subfield code="c">بتحقيق محمد حسن آل ياسين.</subfield>
</datafield>
<datafield tag="880" ind1=" " ind2=" ">
<subfield code="6">250-03/</subfield>
<subfield code="a">[الطبعة 2].</subfield>
</datafield>
<datafield tag="880" ind1=" " ind2=" ">
<subfield code="6">260-04/</subfield>
<subfield code="a">بغداد :</subfield>
<subfield code="b">مكتبة النهضة،</subfield>
<subfield code="c">[1963]</subfield>
</datafield>
<datafield tag="880" ind1="0" ind2="0">
<subfield code="6">505-05/</subfield>
<subfield code="t">الابانة عن مذهب اهل العدل /</subfield>
<subfield code="r">للصاحب عباد --</subfield>
<subfield code="t">عنوان المعارف وذكر الخلائف /</subfield>
<subfield code="r">للصاحب بن عباد --</subfield>
<subfield code="t">ايمان ابي طالب /</subfield>
<subfield code="r">للمفيد محمد بن محمد --</subfield>
<subfield code="t">الاضداد في اللغة /</subfield>
<subfield code="r">لاابن الدهان.</subfield>
</datafield>
<datafield tag="880" ind1="1" ind2=" ">
<subfield code="6">700-06/</subfield>
<subfield code="a">صاحب الطالقاني، ابو القاسم اسماعيل بن عباد،,</subfield>
<subfield code="d">936-995.</subfield>
<subfield code="t">ابانة عن مذهب اهل العدل.</subfield>
</datafield>
<datafield tag="880" ind1="1" ind2=" ">
<subfield code="6">700-07/</subfield>
<subfield code="a">صاحب الطالقاني، ابو القاسم اسماعيل بن عباد،,</subfield>
<subfield code="d">936-995.</subfield>
<subfield code="t">عنوان المعارف وذكر الخلائف.</subfield>
</datafield>
<datafield tag="880" ind1="1" ind2=" ">
<subfield code="6">700-08/</subfield>
<subfield code="a">مفيد، محمد بن محمد،,</subfield>
<subfield code="d">-1022.</subfield>
<subfield code="t">ايمان ابي طالب.</subfield>
</datafield>
<datafield tag="880" ind1="1" ind2=" ">
<subfield code="6">700-09/</subfield>
<subfield code="a">ابن الدهان، سعيد بن المبارك،,</subfield>
<subfield code="d">1101-1174.</subfield>
<subfield code="t">اضداد في اللغة.</subfield>
</datafield>
<datafield tag="OWN" ind1=" " ind2=" ">
<subfield code="a">GENERAL</subfield>
</datafield>
<datafield tag="AVA" ind1=" " ind2=" ">
<subfield code="a">NYU50</subfield>
<subfield code="b">BOBST</subfield>
<subfield code="c">Main Collection</subfield>
<subfield code="d">PJ7617 .A4 1963</subfield>
<subfield code="e">unavailable</subfield>
<subfield code="t">Unavailable</subfield>
<subfield code="f">1</subfield>
<subfield code="g">1</subfield>
<subfield code="h">N</subfield>
<subfield code="i">0</subfield>
<subfield code="j">MAIN</subfield>
<subfield code="k">0</subfield>
</datafield>
</record>
